<record><leader>00000cas a2200000 a 4500</leader><controlfield tag="001">11364475</controlfield><controlfield tag="008">841108d19041905ksuwr ne      0   a0eng d</controlfield><datafield ind1=" " ind2=" " tag="010"><subfield code="a">sn 84029974 </subfield></datafield><datafield ind1=" " ind2=" " tag="040"><subfield code="a">KSH</subfield><subfield code="b">eng</subfield><subfield code="c">KSH</subfield><subfield code="d">NPT</subfield><subfield code="d">OCL</subfield><subfield code="d">OCLCQ</subfield></datafield><datafield ind1=" " ind2=" " tag="042"><subfield code="a">msc</subfield></datafield><datafield ind1="0" ind2="0" tag="245"><subfield code="a">Short grass advocate.</subfield></datafield><datafield ind1=" " ind2=" " tag="260"><subfield code="a">Gove City, Kan. :</subfield><subfield code="b">W.H. Tuttle,</subfield><subfield code="c">1904-1905.</subfield></datafield><datafield ind1=" " ind2=" " tag="300"><subfield code="a">1 v. :</subfield><subfield code="b">ill. ;</subfield><subfield code="c">55 cm.</subfield></datafield><datafield ind1=" " ind2=" " tag="310"><subfield code="a">Weekly</subfield></datafield><datafield ind1="0" ind2=" " tag="362"><subfield code="a">Vol. 1, no. 1 (June 25, 1904)-v. 2, no. 2 (July 1, 1905).</subfield></datafield><datafield ind1=" " ind2=" " tag="500"><subfield code="a">"Republican."</subfield></datafield><datafield ind1=" " ind2=" " tag="752"><subfield code="a">United States</subfield><subfield code="b">Kansas</subfield><subfield code="c">Gove</subfield><subfield code="d">Gove City.</subfield></datafield><datafield ind1="0" ind2="0" tag="785"><subfield code="t">Grainfield advocate</subfield><subfield code="w">(DLC)sn 84029975</subfield></datafield></record>